% -*-bibliografia.bib-*-


@MISC{NXTweb,
title = {nxtOSEK/JSP, Ãšltima visita: Febrero 2014. Url: http://lejos-osek.sourceforge.net/},

}

